<?xml version="1.0" encoding="UTF-8"?><collection xmlns="http://www.loc.gov/MARC21/slim"><record><leader>00410nam--2200133-i-4500</leader><controlfield tag="001">000015466</controlfield><controlfield tag="002">20161230</controlfield><controlfield tag="005">20161230201031</controlfield><controlfield tag="008">060222s1000------------r-----000-0-eng-d</controlfield><datafield ind1=" " ind2=" " tag="080"><subfield code="a">629.19(73)</subfield></datafield><datafield ind1=" " ind2=" " tag="245"><subfield code="a">Aeronautics and space report of the president: 1978,</subfield></datafield><datafield ind1=" " ind2=" " tag="260"><subfield code="a">Washington, National Aeronautics And Space Administration, 1978-</subfield></datafield><datafield ind1=" " ind2=" " tag="490"><subfield code="a">Aeronautics And Space Report Of The President</subfield></datafield><datafield ind1=" " ind2=" " tag="852"><subfield code="a">72545</subfield></datafield></record></collection>